<record><leader>00000cas a2200000 a 4500</leader><controlfield tag="001">8329957</controlfield><controlfield tag="008">820412d190319uunbubr ne      0   a0eng d</controlfield><datafield ind1=" " ind2=" " tag="010"><subfield code="a">sn 96080197 </subfield></datafield><datafield ind1=" " ind2=" " tag="040"><subfield code="a">TYC</subfield><subfield code="b">eng</subfield><subfield code="c">TYC</subfield><subfield code="d">NOP</subfield><subfield code="d">NVG</subfield><subfield code="d">SXN</subfield><subfield code="d">OCL</subfield><subfield code="d">KRTAS</subfield><subfield code="d">OCLCO</subfield></datafield><datafield ind1=" " ind2=" " tag="042"><subfield code="a">msc</subfield></datafield><datafield ind1=" " ind2=" " tag="043"><subfield code="a">n-us-nb</subfield></datafield><datafield ind1=" " ind2=" " tag="090"><subfield code="a">E97.6.S2</subfield><subfield code="b">I2</subfield></datafield><datafield ind1="0" ind2="4" tag="245"><subfield code="a">The Word carrier of Santee Normal Training School.</subfield></datafield><datafield ind1="3" ind2="0" tag="246"><subfield code="a">Word carrier of the Santee Normal Training School</subfield></datafield><datafield ind1=" " ind2=" " tag="260"><subfield code="a">Santee, Neb. :</subfield><subfield code="b">Santee Normal Training School Press,</subfield><subfield code="c">1903-</subfield></datafield><datafield ind1=" " ind2=" " tag="300"><subfield code="a">v.</subfield></datafield><datafield ind1=" " ind2=" " tag="310"><subfield code="a">Bimonthly</subfield></datafield><datafield ind1="0" ind2=" " tag="362"><subfield code="a">Vol. 32, no. 5 (Sept./Oct. 1903)-</subfield></datafield><datafield ind1=" " ind2=" " tag="500"><subfield code="a">"Published for the Dakota mission."</subfield></datafield><datafield ind1=" " ind2=" " tag="530"><subfield code="a">Available on microfilm from: State Archives, South Dakota State Historical Society.</subfield></datafield><datafield ind1=" " ind2=" " tag="580"><subfield code="a">Dakota ed.: Iapi oaye (Greenwood, S.D.).</subfield></datafield><datafield ind1="2" ind2="0" tag="610"><subfield code="a">Santee Normal Training School</subfield><subfield code="v">Newspapers.</subfield></datafield><datafield ind1=" " ind2="0" tag="650"><subfield code="a">Dakota Indians</subfield><subfield code="x">Missions</subfield><subfield code="v">Newspapers.</subfield></datafield><datafield ind1=" " ind2="0" tag="650"><subfield code="a">Santee Indians</subfield><subfield code="x">Missions</subfield><subfield code="v">Newspapers.</subfield></datafield><datafield ind1=" " ind2="0" tag="651"><subfield code="a">Santee (Neb.)</subfield><subfield code="v">Newspapers.</subfield></datafield><datafield ind1=" " ind2="0" tag="651"><subfield code="a">Knox County (Neb.)</subfield><subfield code="v">Newspapers.</subfield></datafield><datafield ind1="2" ind2=" " tag="710"><subfield code="a">Santee Normal Training School.</subfield></datafield><datafield ind1=" " ind2=" " tag="752"><subfield code="a">United States</subfield><subfield code="b">Nebraska</subfield><subfield code="c">Knox</subfield><subfield code="d">Santee.</subfield></datafield><datafield ind1="1" ind2=" " tag="775"><subfield code="t">Iapi oaye (Greenwood, S.D.)</subfield><subfield code="w">(DLC)sn 95063058</subfield></datafield><datafield ind1="0" ind2="0" tag="780"><subfield code="t">Word carrier</subfield><subfield code="w">(DLC)sn 96080196</subfield><subfield code="w">(OCoLC)5380388</subfield></datafield><datafield ind1=" " ind2=" " tag="936"><subfield code="a">Nov./Dec. 1908</subfield></datafield><datafield ind1=" " ind2=" " tag="938"><subfield code="a">Kirtas Technologies, Inc.</subfield><subfield code="b">KRTS</subfield><subfield code="n">843743</subfield></datafield></record>